% 1 --------------------------------------------------------------------
@book{kalb&prentice,
  author    = {John D. Kalbfleisch and Ross L. Prentice},
  title     = {The Statistical Analysis of Failure Time Data},
  edition   = {Second {E}dition},
  month     = {February},
  year      = {2002},
  address   = {Hoboken, New Jersey},
  publisher = {John Wiley \& Sons, Inc.},
}
% 2 --------------------------------------------------------------------
@article{frailty78,
  author  = {D. G. Clayton},
  title   = {A model for association in bivariate life tables and its
             application in epidemiological studies of familial
             rendency in chronic disease incidence},
  year    = {1978},
  journal = {Biometrika},
  volume  = {65},
  number  = {1},
  pages   = {141--151},
}
% 3 --------------------------------------------------------------------
@article{frailty79,
  author  = {J. W. Valpel and K. G. Manton and E. Stallard},
  title   = {The impact of heterogeneity in {I}ndividual {F}railty on
             the {D}ynamics of {M}ortality},
  year    = {1979},
  journal = {Demography},
  volume  = {16},
  number  = {1},
  pages   = {439--454},
}
% 4 --------------------------------------------------------------------
@article{SCHEIKE,
  author  = {L. Cederkvist and K. K. Holst and K. K. Andersen and T. H.
             Scheike},
  title   = {Modeling the cumulative incidence function of multivariate
             competing risks data allowing for within-cluster dependence
             of risk and timing},
  year    = {2019},
  journal = {Biostatistics},
  volume  = {20},
  number  = {2},
  pages   = {199--217},
}
% 5 --------------------------------------------------------------------
@article{andersen12,
  author  = {P. K. Andersen and R. B. Geskus and T. de Witte and H.
             Putter},
  title   = {Competing risks in epidemiology: possibilities and
             pitfalls},
  year    = {2012},
  journal = {International Journal of Epidemiology},
  volume  = {31},
  number  = {1},
  pages   = {861--870},
}
% 6 --------------------------------------------------------------------
@article{GLM72,
  author  = {J. A. Nelder and R. W. M. Wedderburn},
  title   = {Generalized linear models},
  year    = {1972},
  journal = {Journal of the Royal Statistical Society, Series A},
  volume  = {135},
  number  = {3},
  pages   = {370--384},
}
% 7 --------------------------------------------------------------------
@book{GLM89,
  author    = {P. McCullagh and J. A. Nelder},
  title     = {Generalized linear models},
  edition   = {Second Edition},
  year      = {1989},
  address   = {London},
  publisher = {Chapman \& Hall},
}
% 8 --------------------------------------------------------------------
@book{GLMM,
  author    = {C. E. McCulloch and S. R. Searle},
  title     = {Generalized, Linear, and Mixed Models},
  edition   = {},
  year      = {2001},
  address   = {New York},
  publisher = {John Wiley \& Sons, Inc.},
}
% 9 --------------------------------------------------------------------
@article{TMB,
  author  = {K. Kristensen and A. Nielsen and C. W. Berg and H. J. Skaug
             and B. M. Bell},
  title   = {{TMB}: Automatic {D}ifferentiation and {L}aplace
             {A}pproximation},
  year    = {2016},
  journal = {Journal of Statistical Software},
  volume  = {70},
  number  = {5},
  pages   = {1--21},
}
% 10 -------------------------------------------------------------------
@article{MCMC,
  author  = {A. E. Gelfand and A. F. M. Smith},
  title   = {Sampling-{B}ased {A}pproaches to {C}alculating {M}arginal
             {D}ensities},
  year    = {1990},
  journal = {Journal of the American Statistical Association},
  volume  = {85},
  number  = {410},
  pages   = {398--409},
}
% 11 -------------------------------------------------------------------
@article{Diaconis,
  author  = {P. Diaconis},
  title   = {The {M}arkov chain {M}onte {C}arlo revolution},
  year    = {2009},
  journal = {Bulletin (New Series) of the American Mathematical
             Society},
  volume  = {46},
  number  = {2},
  pages   = {179--205},
}
% 12 -------------------------------------------------------------------
@article{EM77,
  author  = {A. P. Dempster and  N. M. Laird and D. B. Rubin},
  title   = {Maximum likelihood estimation from incomplete data via the
             {EM} algorithm (with discussion)},
  year    = {1977},
  journal = {Journal of the Royal Statistical Society, Series B
             (Methodological)},
  volume  = {39},
  number  = {1},
  pages   = {1--38},
}
% 13 -------------------------------------------------------------------
@article{quadrature,
  author  = {J. C. Pinheiro and E. C. Chao},
  title   = {Efficient {L}aplacian and {A}daptive {G}aussian
             {Q}uadrature {A}lgorithms for {M}ultilevel {G}eneralized
             {L}inear {M}ixed {M}odels},
  year    = {2006},
  journal = {Journal of Computational and Graphical Statistics},
  volume  = {15},
  number  = {1},
  pages   = {58--81},
}
% 14 -------------------------------------------------------------------
@book{molenberghs&verbeke,
  author    = {G. Molenberghs and G. Verbeke},
  title     = {Models for Discrete Longitudinal Data},
  year      = {2005},
  address   = {New York},
  publisher = {Springer},
}
% 15 -------------------------------------------------------------------
@article{LA4H,
  author  = {Z. Shun and P. McCullagh},
  title   = {Laplace approximation of high dimentional integrals},
  year    = {1995},
  journal = {Journal of the Royal Statistical Society, Series B
             (Methodological)},
  volume  = {57},
  number  = {4},
  pages   = {749--760},
}
% 16 -------------------------------------------------------------------
@article{tierney,
  author  = {L. Tierney and J. Kadane},
  title   = {Accurate approximations for posterior moments and marginal
             densities},
  year    = {1986},
  journal = {Journal of the American Statistical Association},
  volume  = {81},
  number  = {393},
  pages   = {82--86},
}
% 17 -------------------------------------------------------------------
@book{corestats,
  author    = {S. N. Wood},
  title     = {Core Statistics},
  year      = {2015},
  address = {IMS},
  publisher = {Institute of Mathematical Statistics, Textbooks},
}
% 18 -------------------------------------------------------------------
@article{patrao,
  author  = {W. H. Bonat and P. J. Ribeiro},
  title   = {Practical likelihood analysis for spatial generalized
             linear mixed models},
  year    = {2016},
  journal = {Environmetrics},
  volume  = {27},
  number  = {1},
  pages   = {83--89},
}
% 19 -------------------------------------------------------------------
@book{nocedal&wright,
  author    = {J. Nocedal and S. J. Wright},
  title     = {Numerical Optimization},
  edition   = {Second {E}dition},
  year      = {2006},
  address   = {New York},
  publisher = {Springer},
  series    = {Springer Series in Operations Research and Financial
               Engineering},
}
% 20 -------------------------------------------------------------------
@techreport{PORTreport,
  author      = {D. M. Gay},
  title       = {Usage summary for selected optimization routines},
  address     = {Computing Science Technical Report 153, AT\&T Bell
                 Laboratories. Murray Hill, NJ},
  year        = {1990},
}
% 21 -------------------------------------------------------------------
@article{PORTpaper,
  author  = {J. E. Dennis and D. M. Gay and R. E. Welsch},
  title   = {An {A}daptive {N}onlinear {L}east-{S}quares {A}lgorithm},
  year    = {1981},
  journal = {ACM Transactions on Mathematical Software},
  volume  = {7},
  number  = {3},
  pages   = {348--368},
}
% 22 -------------------------------------------------------------------
@manual{R18,
  title   = {R: A Language and Environment for Statistical Computing},
  address = {R Foundation for Statistical Computing. Vienna, Austria},
  author  = {{R DEVELOPMENT CORE TEAM}},
  year    = {2018},
  note    = {\url{http://www.R-project.org/}},
}
% 23 -------------------------------------------------------------------
@misc{peyre,
  title        = {Course notes on Optimization for Machine Learning},
  author       = {G. Peyr\'{e}},
  year         = {2020},
  note         = {CNRS \& DMA, \'{E}cole Normale Sup\'{e}rieure},
  howpublished = {May 10,
                  \url{https://mathematical-tours.github.io/book-sources/optim-ml/OptimML.pdf}},
}
% 24 -------------------------------------------------------------------
@article{ADMB,
  author  = {D. A. Fournier and  H. J. Skaug and J. Ancheta and J.
             Ianelli and A. Magnusson and M. N. Maunder and A. Nielsen
             and J. Sibert},
  title   = {{AD} {M}odel {B}uilder: using automatic differentiation for
             statistical inference of highly parameterized complex
             nonlinear models},
  year    = {2012},
  journal = {Optimization Methods and Software},
  volume  = {27},
  number  = {2},
  pages   = {233--249},
}
% 25 -------------------------------------------------------------------
@misc{eigen,
  title        = {Eigen v3},
  author       = {G. Guennebaud and B. Jacob and others},
  year         = {2010},
  howpublished = {\url{http://eigen.tuxfamily.org}},
}
% 26 -------------------------------------------------------------------
@article{cholesky,
  author  = {J. C. Pinheiro and D. M. Bates},
  title   = {Unconstrained parametrizations for variance-covariance
             matrices},
  year    = {1996},
  journal = {Statistics and Computing},
  volume  = {6},
  number  = {3},
  pages   = {289--296},
}
% 27 -------------------------------------------------------------------
@article{modifiedcholesky,
  author  = {M. Pourahmadi},
  title   = {Cholesky decompositions and estimation of a covariance
             matrix: orthogonality of variance-correlation parameters},
  year    = {2007},
  journal = {Biometrika},
  volume  = {94},
  number  = {4},
  pages   = {1006--1013},
}
% 28