% Author: Ricardo Rasmussen Petterle ----------------------
% IQA paper in Portuguese ---------------------------------
% Referenses ----------------------------------------------


@book{abbasi2012:water,
  title={Water quality indices},
  author={Abbasi, Tasneem and Abbasi, Shahid A},
  year={2012},
  publisher={Elsevier}
}


@article{anderson1973,
author = "Anderson, T. W.",
journal = "Ann. Statist.",
month = "01",
number = "1",
pages = "135--141",
publisher = "The Institute of Mathematical Statistics",
title = "Asymptotically Efficient Estimation of Covariance Matrices with Linear Structure",
volume = "1",
year = "1973"
}


@book{atkinson:1985,
  title={Plots, Transformations, and Regression: An Introduction to Graphical Methods of Diagnostic Regression Analysis},
  author={Atkinson, A.C.},
  series={Oxford Statistical Science Series},
  year={1985},
  publisher={Clarendon Press}
}


﻿@article{Barndorff:1991,
	title={Some parametric models on the simplex},
	author={Ole E. Barndorff-Nielsen and Bent J{\o}rgensen},
	journal={Journal of Multivariate Analysis},
	volume={39},
	number={1},
	pages={106--116},
	year={1991},
}


@book{belsley:1980,
  title={Regression diagnostics. J},
  author={Belsley, David A and Kuh, Edwin and Welsch, Roy E},
  year={1980},
  publisher={Wiley \& Sons, New York, New York}
}


@article{bellcppad,
  title={CppAD: A package for {C++} algorithmic differentiation},
  author={Bell, Bradley M},
  year={2005},
  journal={URL http://www.coin-or.org/CppAD}
}


@book{berger1985,
  title={Statistical decision theory and Bayesian analysis},
  author={Berger, James O},
  year={1985},
  publisher={New York: Springer}
}


@article{bolker2013,
  title={Strategies for fitting nonlinear ecological models in R, AD M odel B uilder, and BUGS},
  author={Bolker, Benjamin M and Gardner, Beth and Maunder, Mark and Berg, Casper W and Brooks, Mollie and Comita, Liza and Crone, Elizabeth and Cubaynes, Sarah and Davies, Trevor and de Valpine, Perry and others},
  journal={Methods in Ecology and Evolution},
  volume={4},
  number={6},
  pages={501--512},
  year={2013},
  publisher={Wiley Online Library}
}


@article{bonat:2015beta,
  title={Likelihood analysis for a class of beta mixed models},
  author={Bonat, Wagner Hugo and {Ribeiro Jr}, Paulo Justiniano and Zeviani, Walmes Marques},
  journal={Journal of Applied Statistics},
  volume={42},
  number={2},
  pages={252--266},
  year={2015},
  publisher={Taylor \& Francis}
}


@misc{Bonat:2015a,
	title = {mcglm: Multivariate Covariance Generalized Linear Models},
	author = {Bonat, W. H.},
	year = {2016},
	publisher = {GitLab},
	journal = {Gitlab repository},
	note = {{R} package version 0.4.0},
	howpublished = {http://git.leg.ufpr.br/wbonat/mcglm},
}


@article{Bonatbetamix,
  title={Likelihood analysis for a class of beta mixed models},
  author={Bonat, Wagner Hugo and Ribeiro Jr, Paulo Justiniano and Zeviani, Walmes Marques},
  journal={Journal of Applied Statistics},
  volume={42},
  number={2},
  pages={252--266},
  year={2015},
  publisher={Taylor \& Francis}
}


@article{Bonat:2015b,
	title = {Bayesian analysis for a class of beta mixed models},
	journal = {Chilean Journal of Statistics},
	author = {Bonat, W. H. and {Ribeiro Jr}, P. J. and Shimakura, S. E.},
	number = {1},
	pages = {3--13},
	volume = {6},
	year = {2015},
}


@article{Bonat:2016,
	author = {Bonat, W. H. and J{\o}rgensen, B.},
	title = {Multivariate covariance generalized linear models},
	journal = {Journal of the Royal Statistical Society: Series C (Applied Statistics)},
	volume = {65},
	number = {5},
	pages = {649--675},
	year = {2016},
}


@article{bonatgenetic,
  title={Modelling Mixed Types of Outcomes in Additive Genetic Models},
  author={{Bonat, W. H.}},
  journal={The International Journal of Biostatistics},
  volume={13},
  number={2},
  pages={1--16},
  year={2017},
  publisher={}
}


@article{bonat2017modelling,
  title={Modelling the covariance structure in marginal multivariate count models: Hunting in Bioko Island},
  author={Bonat, WH and Olivero, Jesus and Grande-Vega, Maria and Farf{\'a}n, MA and Fa, JE},
  journal={Journal of Agricultural, Biological and Environmental Statistics},
  pages={1--19},
  year={2017},
  publisher={Springer}
}


@article{bonatetal2018simplex,
  title={Likelihood analysis for a class of simplex mixed models},
  author={Bonat, Wagner H and Lopes, Jose E and Shimakura, Silvia E and {Ribeiro Jr}, Paulo J},
  journal={Chilean Journal of Statistics},
 volume={9},
  number={2},
  year={2018},
  publisher={}
}


@article{Bonat2018b,
  title={Multiple Response Variables Regression Models in R: The mcglm Package},
  author={{Bonat}, W. H.},
  journal={Journal of Statistical Software},
  volume={84},
  number={1},
  pages={1--30},
  year={2018},
  publisher={}
 }


@article{bonatetal2018,
  title={Flexible quasi-beta regression models for continuous bounded data},
  author={Bonat, Wagner H and Petterle, Ricardo R and Hinde, John and Dem{\'e}trio, Clarice GB},
  journal={Statistical Modelling},
  volume={19},
  number={6},
  pages={617--633},
  year={2019},
  publisher={SAGE Publications Sage India: New Delhi, India}
}


@article{bonat2018extended,
  title={Extended Poisson--Tweedie: properties and regression models for count data},
  author={Bonat, Wagner H and J{\o}rgensen, Bent and Kokonendji, C{\'e}lestin C and Hinde, John and Dem{\'e}trio, Clarice GB},
  journal={Statistical Modelling},
  volume={18},
  number={1},
  pages={24--49},
  year={2018},
  publisher={SAGE Publications Sage India: New Delhi, India}
}


@article{bayer2017,
  title={Kumaraswamy autoregressive moving average models for double bounded environmental data},
  author={Bayer, F{\'a}bio Mariano and Bayer, D{\'e}bora Missio and Pumi, Guilherme},
  journal={Journal of Hydrology},
  volume={555},
  pages={385--396},
  year={2017},
  publisher={Elsevier}
}


@article{Breslow:1993,
  title={Approximate inference in generalized linear mixed models},
  author={Breslow, Norman E and Clayton, David G},
  journal={Journal of the American statistical Association},
  volume={88},
  number={421},
  pages={9--25},
  year={1993},
  publisher={Taylor \& Francis Group}
}


@article{brooks2017,
  author = {Mollie E. Brooks and Kasper Kristensen and Koen J. van
          Benthem and Arni Magnusson and Casper W. Berg and Anders
          Nielsen and Hans J. Skaug and Martin Mächler and Benjamin M.
          Bolker},
  title = {{glmmTMB Balances Speed and Flexibility Among Packages for
          Zero-inflated Generalized Linear Mixed Modeling}},
  year = {2017},
  journal = {{The R Journal}},
  doi = {10.32614/RJ-2017-066},
  url = {https://doi.org/10.32614/RJ-2017-066},
  pages = {378--400},
  volume = {9},
  number = {2}
}


@article{buuren2001,
  title={Worm plot: a simple diagnostic device for modelling growth reference curves},
  author={Buuren, Stef van and Fredriks, Miranda},
  journal={Statistics in Medicine},
  volume={20},
  number={8},
  pages={1259--1277},
  year={2001},
  publisher={Wiley Online Library}
}


@techreport{cario:1997,
  title={Modeling and generating random vectors with arbitrary marginal distributions and correlation matrix},
  author={Cario, Marne C and Nelson, Barry L},
  year={1997},
  institution={Citeseer}
}


@article{cleveland1979,
  title={Robust locally weighted regression and smoothing scatterplots},
  author={Cleveland, William S},
  journal={Journal of the American statistical association},
  volume={74},
  number={368},
  pages={829--836},
  year={1979},
  publisher={Taylor \& Francis}
}


@article{cribari2012,
  title={Testing inference in variable dispersion beta regressions},
  author={Cribari-Neto, Francisco and Souza, Tatiene C},
  journal={Journal of Statistical Computation and Simulation},
  volume={82},
  number={12},
  pages={1827--1843},
  year={2012},
  publisher={Taylor \& Francis}
}


@article{cook:1977,
  title={Detection of influential observation in linear regression},
  author={Cook, R Dennis},
  journal={Technometrics},
  volume={19},
  number={1},
  pages={15--18},
  year={1977},
  publisher={Taylor \& Francis Group}
}


@Article{Da-Silva2011,
  Title                    = {Dynamic {B}ayesian beta models },
  Author                   = {C.Q. da-Silva and H.S. Migon and L.T. Correia},
  Journal                  = {Computational Statistics \& Data Analysis },
  Year                     = {2011},

  Number                   = {6},

  Pages                    = {2074--2089},
  Volume                   = {55},
}


@article{dey2019,
  title={Comparison of estimation methods for unit-Gamma distribution},
  author={Dey, Sanku and Menezes, Andre FB and Mazucheli, Josmar},
  journal={Journal of Data Science},
  volume={17},
  number={4},
  pages={768--801},
  year={2019}
}


@book{Demidenko:2013,
	author = {Demidenko, Eugene},
	title = {Mixed Models: Theory and Applications with {R}},
	publisher = {Wiley},
	year = {2013},
}


@book{diggle:2002,
  author = {Peter Diggle and Patrick Heagerty and Kung-Yee Liang and Scott Zeger},
  title = {Analysis of Longitudinal Data ({S}econd edition)},
  year = {2002},
  address = "United Kingdom",
  pages = {400},
  publisher = "Oxford University Press"
}


@article{dunn1996,
  title={Randomized quantile residuals},
  author={Dunn, Peter K and Smyth, Gordon K},
  journal={Journal of Computational and Graphical Statistics},
  volume={5},
  number={3},
  pages={236--244},
  year={1996},
  publisher={Taylor \& Francis}
}


@Article{Ferrari2004,
  Title                    = {Beta Regression for Modelling Rates and Proportions},
  Author                   = {Silvia Ferrari and Francisco Cribari-Neto},
  Journal                  = {Journal of Applied Statistics},
  Year                     = {2004},

  Number                   = {7},
  Pages                    = {799--815},
  Volume                   = {31},
}


@book{Fitzmaurice:2011,
  author = {Garrett M. Fitzmaurice and Nan M. Laird and James H. Ware},
  title = {Applied Longitudinal Analysis ({S}econd edition)},
  year = {2011},
  address = "New Jersey",
  pages = {740},
  publisher = "John Wiley and Sons Inc."
}


@book{Fitzmaurice:2008,
  title={Longitudinal data analysis},
  author={Fitzmaurice, Garrett and Davidian, Marie and Verbeke, Geert and Molenberghs, Geert},
  year={2008},
  publisher={CRC Press}
}


@article{fournier2012,
  title={AD Model Builder: using automatic differentiation for statistical inference of highly parameterized complex nonlinear models},
  author={Fournier, David A and Skaug, Hans J and Ancheta, Johnoel and Ianelli, James and Magnusson, Arni and Maunder, Mark N and Nielsen, Anders and Sibert, John},
  journal={Optimization Methods and Software},
  volume={27},
  number={2},
  pages={233--249},
  year={2012},
  publisher={Taylor \& Francis}
}


@article{Godambe:1978,
	author = {Godambe, V. P.  and Thompson, M.E.},
	title = {Some aspects of the theory of estimating equations},
	journal = {Journal of Statistical Planning and Inference},
	volume = {2},
	number = {1},
	pages = {95--104},
	year = {1978},
}


@article{ghosh2003:behavior,
  title={Behavior of the NORTA method for correlated random vector generation as the dimension increases},
  author={Ghosh, Soumyadip and Henderson, Shane G},
  journal={ACM Transactions on Modeling and Computer Simulation (TOMACS)},
  volume={13},
  number={3},
  pages={276--294},
  year={2003},
  publisher={ACM}
}


@article{grassia1977,
  title={On a family of distributions with argument between 0 and 1 obtained by transformation of the gamma and derived compound distributions},
  author={Grassia, A},
  journal={Australian Journal of Statistics},
  volume={19},
  number={2},
  pages={108--114},
  year={1977},
  publisher={Wiley Online Library}
}


@book{griewank2008,
  author = {Griewank, Andreas and Walther, Andrea},
  title = {Evaluating Derivatives: Principles and Techniques of Algorithmic Differentiation},
  publisher = {Society for Industrial and Applied Mathematics (SIAM)},
  year = {2008},
  doi = {10.1137/1.9780898717761}
 }


@article{guennebaud2010,
  title={Eigen v3},
  author={Guennebaud, Ga{\"e}l and Jacob, Beno{\i}t, others},
  year={2010},
  journal={URL http://eigen.tuxfamily.org/}
}


@article{guedes2020,
  title={Modified likelihood ratio tests for unit gamma regressions},
  author={Guedes, Ana C and Cribari-Neto, Francisco and Espinheira, Patr{\'\i}cia L},
  journal={Journal of Applied Statistics},
  volume={47},
  number={9},
  pages={1562--1586},
  year={2020},
  publisher={Taylor \& Francis}
}


@Article{Grunwald1993,
  Title                    = {Time Series of Continuous Proportions},
  Author                   = {Grunwald, Gary K. and Raftery, Adrian E. and Guttorp, Peter},
  Journal                  = {Journal of the Royal Statistical Society, Series B},
  Year                     = {1993},
  Number                   = {1},
  Pages                    = {103--116},
  Volume                   = {55},

  Abstract                 = {A vector of continuous proportions consists of the proportions of some total accounted for by its constituent components. An example is the proportions of world motor vehicle production by Japan, the USA and all other countries. We consider the situation where time series data are available and where interest focuses on the proportions rather than the actual amounts. Reasons for analysing such times series include estimation of the underlying trend, estimation of the effect of covariates and interventions, and forecasting. We develop a state space model for time series of continuous proportions. Conditionally on the unobserved state, the observations are assumed to follow the Dirichlet distribution, often considered to be the most natural distribution on the simplex. The state follows the Dirichlet conjugate distribution which is introduced here. Thus the model, although based on the Dirichlet distribution, does not have its restrictive independence properties. Covariates, trends, seasonality and interventions may be incorporated in a natural way. The model has worked well when applied to several examples, and we illustrate with components of world motor vehicle production.},
  Aurl                     = {http://www.jstor.org/stable/2346067},
  Copyright                = {Copyright © 1993 Royal Statistical Society},
  ISSN                     = {00359246},
  Jstor_articletype        = {research-article},
  Jstor_formatteddate      = {1993},
  Language                 = {English},
  Publisher                = {Wiley for the Royal Statistical Society}

}


@article{hunger2012,
  title={Longitudinal beta regression models for analyzing health-related quality of life scores over time},
  author={Hunger, Matthias and D{\"o}ring, Angela and Holle, Rolf},
  journal={BMC medical research methodology},
  volume={12},
  number={1},
  pages={144},
  year={2012},
  publisher={BioMed Central}
}


@article{jonsen2019,
  title={Movement responses to environment: fast inference of variation among southern elephant seals with a mixed effects model},
  author={Jonsen, ID and McMahon, CR and Patterson, TA and Auger-M{\'e}th{\'e}, Marie and Harcourt, Robert and Hindell, MA and Bestley, Sophie},
  journal={Ecology},
  volume={100},
  number={1},
  pages={e02566},
  year={2019},
  publisher={Wiley Online Library}
}


@article{Jorgensen:2004,
	title = {Parameter orthogonality and bias adjustment for estimating functions},
	author = {J{\o}rgensen, B. and Knudsen, S. J.},
	journal = {Scandinavian Journal of Statistics},
	number = {1},
	volume = {31},
	pages = {93--114},
	year = {2004},
}


@article{kaya2017,
  title={Assessing change in latent skills across time with longitudinal cognitive diagnosis modeling: An evaluation of model performance},
  author={Kaya, Yasemin and Leite, Walter L},
  journal={Educational and psychological measurement},
  volume={77},
  number={3},
  pages={369--388},
  year={2017},
  publisher={SAGE Publications Sage CA: Los Angeles, CA}
}


@article{kristensen2016,
  title={{TMB}: {A}utomatic {D}ifferentiation and {L}aplace {A}pproximation},
  author={Kristensen, Kasper and Nielsen, Anders and Berg, Casper W and Skaug, Hans and Bell, Bradley M},
  journal={Journal of Statistical Software},
  volume={70},
  number={5},
  year={2016},
  publisher={Foundation for Open Access Statistics}
}


@article{laird1982,
  title={Random-effects models for longitudinal data},
  author={Laird, Nan M and Ware, James H and others},
  journal={Biometrics},
  volume={38},
  number={4},
  pages={963--974},
  year={1982}
}


@article{lee2019,
  title={Control charts to monitor rates and proportions},
  author={Lee Ho, Linda and Fernandes, Fidel Henrique and Bourguignon, Marcelo},
  journal={Quality and Reliability Engineering International},
  volume={35},
  number={1},
  pages={74--83},
  year={2019},
  publisher={Wiley Online Library}
}


@article{lemonte2016new,
  title={New class of {J}ohnson {SB} distributions and its associated regression model for rates and proportions},
  author={Lemonte, Artur J and Baz{\'a}n, Jorge L},
  journal={Biometrical Journal},
  volume={58},
  number={4},
  pages={727--746},
  year={2016},
  publisher={Wiley Online Library}
}


@article{lemonte2019,
  title={On a multivariate regression model for rates and proportions},
  author={Lemonte, Artur J and Moreno--Arenas, Germ{\'a}n},
  journal={Journal of Applied Statistics},
  volume={46},
  number={6},
  pages={1084--1106},
  year={2019},
  publisher={Taylor \& Francis}
}


@article{lee:1996,
author = {Lee, Y. and Nelder, J. A.},
title = {Hierarchical Generalized Linear Models},
journal = {Journal of the Royal Statistical Society: Series B (Methodological)},
volume = {58},
number = {4},
pages = {619--656},
year = {1996}
}


@book{lee2018,
  title={Generalized linear models with random effects: unified analysis via H-likelihood},
  author={Lee, Youngjo and Nelder, John A and Pawitan, Yudi},
  year={2018},
  publisher={Chapman and Hall/CRC}
}


@article{li1975:generation,
  title={Generation of pseudorandom numbers with specified univariate distributions and correlation coefficients},
  author={Li, Shing Ted and Hammond, Joseph L},
  journal={IEEE Transactions on Systems, Man, and Cybernetics},
  number={5},
  pages={557--561},
  year={1975},
  publisher={IEEE}
}


@article{LiangZeger:1986,
	title = {Longitudinal data analysis using generalized linear models}, 
	author = {Liang, Kung-Yee and Zeger, S. L.}, 
	journal = {Biometrika},
	volume = {73}, 
	number = {1}, 
	pages = {13--22}, 
	year = {1986}, 
}


@article{masarotto2012gaussian,
  title={Gaussian copula marginal regression},
  author={Masarotto, Guido and Varin, Cristiano and others},
  journal={Electronic Journal of Statistics},
  volume={6},
  pages={1517--1549},
  year={2012},
  publisher={The Institute of Mathematical Statistics and the Bernoulli Society}
}


@article{mazucheli2019,
  title={The unit-Weibull distribution as an alternative to the Kumaraswamy distribution for the modeling of quantiles conditional on covariates},
  author={Mazucheli, J and Menezes, AFB and Fernandes, LB and de Oliveira, RP and Ghitany, ME},
  journal={Journal of Applied Statistics},
  volume={47},
  number={6},
  pages={954--974},
  year={2020},
  publisher={Taylor \& Francis}
}


@Article{McKenzie2007,
  Title                    = {An Autoregressive Process for Beta Random Variables},
  Author                   = {McKenzie, Ed},
  Journal                  = {Management Science},
  Year                     = {1985},
  Number                   = {8},
  Pages                    = {988--997},
  Volume                   = {31},

  Abstract                 = {Two stationary first-order autoregressive processes with Beta marginal distributions are presented. They are both linear, additive processes but the coefficients are Beta random variables. Their autocorrelation functions are investigated: one is positive and the other alternates in sign. The usefulness of the models in simulation is discussed. The Bivariate Beta distributions of two consecutive observations are considered in some detail. Several examples are given, including a Bivariate Uniform process which is also examined in detail. The relationship of these Bivariate Beta distributions to the Dirichlet distribution is discussed.},
  Aurl                     = {http://mansci.journal.informs.org/content/31/8/988.abstract},
  Doi                      = {10.1287/mnsc.31.8.988},
  Eprint                   = {http://mansci.journal.informs.org/content/31/8/988.full.pdf+html}
}


@article{menarin2017,
  title={Longitudinal model for categorical data applied in an agriculture experiment about elephant grass},
  author={Menarin, Vin{\'\i}cius and Lara, Idemauro Antonio Rodrigues de and Silva, Sila Carneiro da},
  journal={Scientia Agricola},
  volume={74},
  number={4},
  pages={265--274},
  year={2017},
  publisher={SciELO Brasil}
}


@article{Mitnik:2013,
	title = {The {K}umaraswamy distribution: median-dispersion re-parameterizations for regression modeling and simulation-based estimation},
	author = {Mitnik, Pablo A. and Baek, Sunyoung},
	journal = {Statistical Papers},
	volume = {54},
	number = {1},
	pages = {177--192},
	year = {2013},
}


@article{mohd2014,
  title={Longitudinal profiles of bounded outcome scores as predictors for disease activity in rheumatoid arthritis patients: a joint modeling approach},
  author={Mohd Din, Siti Haslinda and Molas, Marek and Luime, Jolanda and Lesaffre, Emmanuel},
  journal={Journal of Applied Statistics},
  volume={41},
  number={8},
  pages={1627--1644},
  year={2014},
  publisher={Taylor \& Francis}
}


@book{Molenberghs:2006,
  title={Models for Discrete Longitudinal Data},
  author={Molenberghs, G. and Verbeke, G.},
  isbn={9780387289809},
  lccn={2005923258},
  series={Springer Series in Statistics},
  year={2006},
  publisher={Springer New York}
}


@article{mousa2016gamma,
  title={A Gamma Regression for Bounded Continuous Variables},
  author={Mousa, Amany M and El-Sheikh, Ahmed A and Abdel-Fattah, Mahmoud A},
  journal={Advances and Applications in Statistics},
  volume={49},
  number={4},
  pages={305},
  year={2016},
  publisher={Pushpa Publishing House}
}


@article{nakamura2019,
  title={A new continuous distribution on the unit interval applied to modelling the points ratio of football teams},
  author={Nakamura, Luiz R and Cerqueira, Pedro HR and Ramires, Thiago G and Pescim, Rodrigo R and Rigby, RA and Stasinopoulos, Dimitrios M},
  journal={Journal of Applied Statistics},
  volume={46},
  number={3},
  pages={416--431},
  year={2019},
  publisher={Taylor \& Francis}
}


@article{Naumova:2001,
  title={Tutorial in biostatistics: evaluating the impact of ‘critical periods’ in longitudinal studies of growth using piecewise mixed effects models},
  author={Naumova, Elena N and Must, Aviva and Laird, Nan M},
  journal={International journal of epidemiology},
  volume={30},
  number={6},
  pages={1332--1341},
  year={2001},
  publisher={Oxford University Press}
}


@Article{Nelder1972,
  Title                    = {Generalized linear models},
  Author                   = {Nelder, J. A. and Wedderburn, R. W. M.},
  Journal                  = {Journal of the Royal Statistical Society, Series A},
  Year                     = {1972},
  Number                   = {3},
  Pages                    = {370--384},
  Volume                   = {135},
  Publisher                = {Wiley for the Royal Statistical Society}

}


@article{niku2017,
  title={Generalized linear latent variable models for multivariate count and biomass data in ecology},
  author={Niku, Jenni and Warton, David I and Hui, Francis KC and Taskinen, Sara},
  journal={Journal of Agricultural, Biological and Environmental Statistics},
  volume={22},
  number={4},
  pages={498--522},
  year={2017},
  publisher={Springer}
}


@manual{nortara,
       title = {NORTARA: Generation of Multivariate Data with Arbitrary Marginals},

       author = {Su, P},
       year = {2014},
       note = {{R} package version 1.0.0},
}


@article{petterledouble,
  title={Double {P}oisson-{T}weedie {R}egression {M}odels},
  author={Petterle, Ricardo R and Bonat, Wagner H and Kokonendji, C{\'e}lestin C and Seganfredo, Juliane C and Moraes, Atamai and da Silva, Monica G},
  journal={The International Journal of Biostatistics},
  volume={15},
  number={1},
  pages={1--15},
  year={2019},
  publisher={De Gruyter}
}


@article{petterle2019a,
  title={Quasi-beta Longitudinal Regression Model Applied to Water Quality Index Data},
  author={Petterle, Ricardo Rasmussen and Bonat, Wagner Hugo and Scarpin, Cassius Tadeu},
  journal={Journal of Agricultural, Biological and Environmental Statistics},
  volume={24},
  number={2},
  pages={346--368},
  year={2019},
  publisher={Springer}
}


@article{petterle2019,
  title={Multivariate quasi-beta regression models for continuous bounded data},
  author={Petterle, Ricardo R and Bonat, Wagner H and Scarpin, Cassius T and Jonasson, Tha{\'i}sa and Borba, Vict{\'o}ria Z C},
  journal={to appear},
  volume={},
  number={},
  pages={},
  year={2019},
  publisher={}
}


@book{pinheiro2000,
  title={Mixed-effects models in S and S-PLUS},
  author={Pinheiro, Jos{\'e} and Bates, Douglas},
  year={2000},
  publisher={Springer Science \& Business Media}
}


@Manual{pinheiro2019,
    title = {{nlme}: Linear and Nonlinear Mixed Effects Models},
    author = {Jose Pinheiro and Douglas Bates and Saikat DebRoy and
      Deepayan Sarkar and {R Core Team}},
    year = {2019},
    note = {R package version 3.1-140},
    url = {https://CRAN.R-project.org/package=nlme},
}


@article{Pourahmadi:2000,
author = {Pourahmadi, M},
title = {Maximum likelihood estimation of generalised linear models for multivariate normal covariance matrix},
journal = {Biometrika},
volume = {87},
number = {2},

pages = {425},
year = {2000}
}


@article{qiu2008simplex,
  title={Simplex Mixed-Effects Models for Longitudinal Proportional Data},
  author={Qiu, Zhenguo and Song, Peter X.-K. and Tan, Ming},
  journal={Scandinavian Journal of Statistics},
  volume={35},
  number={4},
  pages={577--596},
  year={2008},
  publisher={Wiley Online Library}
}


@Manual{R,
    title = {R: A Language and Environment for Statistical Computing},

    author = {{R Core Team}},
    organization = {R Foundation for Statistical Computing},
    address = {Vienna, Austria},
    year = {2019},
    url = {https://www.R-project.org/},
}


@article{rigby2005,
  title={Generalized additive models for location, scale and shape},
  author={Rigby, Robert A and Stasinopoulos, D Mikis},
  journal={Journal of the Royal Statistical Society: Series C (Applied Statistics)},
  volume={54},
  number={3},
  pages={507--554},
  year={2005},
  publisher={Wiley Online Library}
}


@Article{Rocha2008,
  Title                    = {Beta autoregressive moving average models},
  Author                   = {Andr\'{e}a V. Rocha and Francisco Cribari-{N}eto},
  Journal                  = {Test},
  Year                     = {2008},
  Number                   = {3},
  Pages                    = {529-545},
  Volume                   = {18}
}


@Article{Rocha2010,
  Title                    = {Influence diagnostics in a general class of beta regression models},
  Author                   = {Rocha, AndréaV. and Simas, AlexandreB.},
  Journal                  = {TEST},
  Year                     = {2011},
  Number                   = {1},
  Pages                    = {95--119},
  Volume                   = {20},
}


@article{stasinopoulos2007,
  title={Generalized additive models for location scale and shape (GAMLSS) in R},
  author={Stasinopoulos, D Mikis and Rigby, Robert A and others},
  journal={Journal of Statistical Software},
  volume={23},
  number={7},
  pages={1--46},
  year={2007}
}


@article{Smyth:1989,
	title = {Generalized linear models with varying dispersion},
	author = {Smyth, G. K.},
	journal = {Journal of the Royal Statistical Society. Series B. Methodological},
	volume = {51},
	number = {1},
	pages = {47--60},
	year = {1989},
}


@book{stasinopoulos2017,
  title={Flexible regression and smoothing: using GAMLSS in R},
  author={Stasinopoulos, Mikis D and Rigby, Robert A and Heller, Gillian Z and Voudouris, Vlasios and De Bastiani, Fernanda},
  year={2017},
  publisher={Chapman and Hall/CRC}
}


@article{singer1998,
  title={Using {SAS PROC MIXED} to fit multilevel models, hierarchical models, and individual growth models},
  author={Singer, Judith D},
  journal={Journal of Educational and Behavioral Statistics},
  volume={23},
  number={4},
  pages={323--355},
  year={1998},
  publisher={SAGE Publications Sage CA: Los Angeles, CA}
}


@article{song2000marginal,
  title={Marginal models for longitudinal continuous proportional data},
  author={Song, Peter Xue-Kun and Tan, Ming},
  journal={Biometrics},
  volume={56},
  number={2},
  pages={496--502},
  year={2000},
  publisher={Wiley Online Library}
}


@article{song2004,
  title={Modelling heterogeneous dispersion in marginal models for longitudinal proportional data},
  author={Song, Peter X-K and Qiu, Zhenguo and Tan, Ming},
  journal={Biometrical Journal},
  volume={46},
  number={5},
  pages={540--553},
  year={2004},
  publisher={Wiley Online Library}
}


@article{souza2016multivariate,
  title={Multivariate Beta Regression with Application in Small Area Estimation},
  author={Souza, Debora F and Moura, Fernando AS},
  journal={Journal of Official Statistics},
  volume={32},
  number={3},
  pages={747},
  year={2016}
}


@article{tierney1986,
  title={Accurate approximations for posterior moments and marginal densities},
  author={Tierney, Luke and Kadane, Joseph B},
  journal={Journal of the American Statistical Association},
  volume={81},
  number={393},
  pages={82--86},
  year={1986},
  publisher={Taylor \& Francis}
}


@article{thorson2016a,
  title={Accounting for spatiotemporal variation and fisher targeting when estimating abundance from multispecies fishery data},
  author={Thorson, James T and Fonner, Robert and Haltuch, Melissa A and Ono, Kotaro and Winker, Henning},
  journal={Canadian Journal of Fisheries and Aquatic Sciences},
  volume={74},
  number={11},
  pages={1794--1807},
  year={2016},
  publisher={NRC Research Press}
}


@article{thorson2016,
  title={Joint dynamic species distribution models: a tool for community ordination and spatio-temporal monitoring},
  author={Thorson, James T and Ianelli, James N and Larsen, Elise A and Ries, Leslie and Scheuerell, Mark D and Szuwalski, Cody and Zipkin, Elise F},
  journal={Global Ecology and Biogeography},
  volume={25},
  number={9},
  pages={1144--1158},
  year={2016},
  publisher={Wiley Online Library}
}


@article{Venezuela:2007,
  title={Diagnostic techniques in generalized estimating equations},
  author={Venezuela, Maria Kelly and Aparecida Botter, Denise and Carneiro Sandoval, M{\^o}nica},
  journal={Journal of Statistical Computation and Simulation},
  volume={77},
  number={10},
  pages={879--888},
  year={2007},
  publisher={Taylor \& Francis}
}


@book{Verbeke:2001,
  title={Linear Mixed Models for Longitudinal Data},
  author={Verbeke, G. and Molenberghs, G.},
  isbn={9780387950273},
  lccn={00026596},
  series={Springer Series in Statistics},
  year={2001},
  publisher={Springer New York}
}


@article{verbeke2014,
  title={The analysis of multivariate longitudinal data: A review},
  author={Verbeke, Geert and Fieuws, Steffen and Molenberghs, Geert and Davidian, Marie},
  journal={Statistical methods in medical research},
  volume={23},
  number={1},
  pages={42--59},
  year={2014},
  publisher={Sage Publications Sage UK: London, England}
}


@article{verkuilen2012mixed,
  title={Mixed and mixture regression models for continuous bounded responses using the beta distribution},
  author={Verkuilen, Jay and Smithson, Michael},
  journal={Journal of Educational and Behavioral Statistics},

  volume={37},
  number={1},
  pages={82--113},
  year={2012},
  publisher={SAGE Publications Sage CA: Los Angeles, CA}
}


@article{Wedderburn:1974,
	author = {Wedderburn, R. W. M.}, 
	title = {Quasi-likelihood functions, generalized linear models, and the Gauss—Newton method},
	volume = {61}, 
	number = {3}, 
	pages = {439--447}, 
	journal = {Biometrika},
	year = {1974},
}


@article {Zeger:1988,
     title = {Models for longitudinal data: {A} generalized estimating equation approach},
     author = {Zeger, S. L. and Liang, Kung-Yee and Albert, P. S.},
     journal = {Biometrics},
     volume = {44},
     number = {4},
     pages = {1049--1060},
     year = {1988},
}


@article{zhao2018partially,
  title={A partially linear additive model for clustered proportion data},
  author={Zhao, Weihua and Lian, Heng and Bandyopadhyay, Dipankar},
  journal={Statistics in medicine},
  volume={37},
  number={6},
  pages={1009--1030},
  year={2018},
  publisher={Wiley Online Library}
}


@article{zheng2017,
  title={A generalized partially linear mean-covariance regression model for longitudinal proportional data, with applications to the analysis of quality of life data from cancer clinical trials},
  author={Zheng, Xueying and Qin, Guoyou and Tu, Dongsheng},
  journal={Statistics in medicine},
  volume={36},
  number={12},
  pages={1884--1894},
  year={2017},
  publisher={Wiley Online Library}
}


@Article{zuniga:2013,
  Title                    = {Mixed beta regression: A {B}ayesian perspective },
  Author                   = {Jorge I. Figueroa-{Z\'{u}\~{n}iga} and Reinaldo B. Arellano-Valle and Silvia L.P. Ferrari},
  Journal                  = {Computational Statistics \& Data Analysis },
  Year                     = {2013},
  Number                   = {0},
  Pages                    = {137--147},
  Volume                   = {61},

  Aurl                     = {http://www.sciencedirect.com/science/article/pii/S0167947312004239},
  Doi                      = {http://dx.doi.org/10.1016/j.csda.2012.12.002},
  ISSN                     = {0167-9473},
  Keywords                 = {Bayesian analysis}
}

