% 1 --------------------------------------------------------------------
@book{kalb&prentice,
  author    = {John D. Kalbfleisch and Ross L. Prentice},
  title     = {The Statistical Analysis of Failure Time Data},
  edition   = {Second Edition},
  month     = {February},
  year      = {2002},
  address   = {Hoboken, New Jersey},
  publisher = {John Wiley \& Sons, Inc.},
}
% 2 --------------------------------------------------------------------
@article{GLM72,
  author  = {J. A. Nelder and R. W. M. Wedderburn},
  title   = {Generalized linear models},
  year    = {1972},
  journal = {Journal of the Royal Statistical Society, Series A},
  volume  = {135},
  number = {3},
  pages   = {370--384},
}
% 3 --------------------------------------------------------------------
@book{GLM89,
  author    = {P. McCullagh and J. A. Nelder},
  title     = {Generalized linear models},
  edition   = {Second Edition},
  year      = {1989},
  address   = {London},
  publisher = {Chapman \& Hall},
}
% 4 --------------------------------------------------------------------
@Manual{R18,
  title     = {R: A Language and Environment for Statistical Computing},
  address      = {Vienna, Austria},
  author       = {R DEVELOPMENT CORE TEAM},
  organization = {R Foundation for Statistical Computing},
  year         = {2018},
  Aurl         = {http://www.R-project.org/},
}
% 5 --------------------------------------------------------------------