% Referências: Modelo de Regressão Quase-Beta Multivariado (dissertação) ------
% Author: Ricardo Rasmussen Petterle-UFPR -------------------------------------
% Create: 16/09/2017; Update: 23/10/2018 --------------------------------------

# Por ordem alfabética --------------------------------------------------------


@article{2001:HuifenChen,
author = {Huifen Chen},
title = {Initialization for NORTA: Generation of Random Vectors with Specified Marginals and Correlations},
journal = {INFORMS Journal on Computing},
volume = {13},
number = {4},
pages = {312-331},
year = {2001},
eprint = {https://doi.org/10.1287/ijoc.13.4.312.9736}
    
}


@book{abbasi2012:water,
  title={Water quality indices},
  author={Abbasi, Tasneem and Abbasi, Shahid A},
  year={2012},
  address = "Amsterdam",
  publisher={Elsevier}
}


@article{ana,
author={ {AGÊNCIA NACIONAL DE ÁGUAS}},
organization={Agência Nacional de Águas},
title={},
url={http://pnqa.ana.gov.br/indicadores-indice-aguas.aspx},
year={2018}
}


@article{aitchison1986,
  title={The statistical analysis of compositional data},
  author={Aitchison, John},
  year={1986},
  publisher={Chapman and Hall London}
}


@article{atkinson:1985,
  title={Plots, Transformations, and Regression: An Introduction to Graphical Methods of Diagnostic Regression Analysis},
  author={Atkinson, A.C.},
  series={Oxford Statistical Science Series},
  year={1985},
  publisher={Clarendon Press}
}


@article{Barndorff:1991,
	title={Some parametric models on the simplex},
	author={Ole E. Barndorff-Nielsen and Bent J{\o}rgensen},
	journal={Journal of Multivariate Analysis},
	volume={39},
	number={1},
	pages={106--116},
	year={1991},
}


@article{bayer2017,
  title={Kumaraswamy autoregressive moving average models for double bounded environmental data},
  author={Bayer, F{\'a}bio Mariano and Bayer, D{\'e}bora Missio and Pumi, Guilherme},
  journal={Journal of Hydrology},
  volume={555},
  pages={385--396},
  year={2017}
}


@book{belsley:1980,
  title={Regression diagnostics},
  author={Belsley, David A and Kuh, Edwin and Welsch, Roy E},
  year={1980},
  address = "New York",
  publisher={Wiley \& Sons}
}


@article{bonat2017modelling,
  title={Modelling the covariance structure in marginal multivariate count models: Hunting in Bioko Island},
  author={Bonat, WH and Olivero, Jesus and Grande-Vega, Maria and Farf{\'a}n, MA and Fa, JE},
  journal={Journal of Agricultural, Biological and Environmental Statistics},
  pages={1--19},
  year={2017}
}


@mastersthesis{bonat:2010,
 title={Aplicações de infer{\^e}ncia bayesiana aproximada para modelos gaussianos latentes espa{\c{c}}o temporais},
   author={Bonat, Wagner Hugo},
   school       = {Programa de Pós-Graduação em Métodos Numéricos em Engenharia, Universidade Federal do Paraná},
   year         = {2010},
   address      = {Curitiba},
}


@Manual{Bonat:2015a,
	title = {mcglm: Multivariate Covariance Generalized Linear Models},
	author = {Bonat, W. H.},
	year = {2016},
        Address = "Brazil",
	publisher = {GitLab},
	journal = {Gitlab repository},
	note = {{R} package version 0.4.0},
	howpublished = {http://git.leg.ufpr.br/wbonat/mcglm},
}


@article{bonat2017genetic,
  title={Modelling Mixed Types of Outcomes in Additive Genetic Models},
  author={Bonat, W. H.},
  journal={The International Journal of Biostatistics},
  volume={13},
  number={2},
  pages={1--16},
  year={2017},
  publisher={}
}


@article{Bonat:2017,
    title = {Multiple Response Variables Regression Models in {R}: The {mcglm} Package},
    author = {Bonat, W. H.},
    journal = {Journal of Statistical Software},
    year = {2018},
    volume = {84},
    number = {4},
    pages = {1--30},
    doi = {10.18637/jss.v084.i04},
}


@article{Bonat:2016,
	author = {Bonat, W. H. and J{\o}rgensen, B.},
	title = {Multivariate covariance generalized linear models},
	journal = {Journal of the Royal Statistical Society: Series C (Applied Statistics)},
	volume = {65},
	number = {5},
	pages = {649--675},
	year = {2016},
}


@article{Bonat:2017b,
	title = {Extended Poisson-Tweedie: Properties and regression models for count data},
	journal = {Statistical Modelling},
	author = {Bonat, W. H. and J{\o}rgensen, B. and Kokonendji, C. C. and Hinde, J. and Dem{\'e}trio, C. G. B.},
	number = {1},
	pages = {24--49},
	volume = {18},
	year = {2018},
}


@article{Bonat:2018simplex,
	title = {Likelihood analysis for a class of simplex mixed models},
	journal = {Chilean Journal of Statistics},
	author = {Bonat, W. H. and Lopes, J. E. and {Ribeiro Jr}, P. J. and Shimakura, S. E.},
	number = {2},
	pages = {3--17},
	volume = {9},
	year = {2018},
}


@article{Bonatetal:2018a,
  title={Flexible quasi-beta regression models for continuous bounded data},
  author={Bonat, Wagner H and Petterle, Ricardo R and Hinde, John and Dem{\'e}trio, Clarice GB},
  journal={Statistical Modelling},
  pages={(published online)},
  year={2018}
}


@article{Bonat:2015b,
	title = {Bayesian analysis for a class of beta mixed models},
	journal = {Chilean Journal of Statistics},
	author = {Bonat, W. H. and {RIBEIRO JR}, P. J. and Shimakura, S. E.},
	number = {1},
	pages = {3--13},
	volume = {6},
	year = {2015},
}


@article{Bonat:2012,
        title = {Regression models with response on the unit interval: Specification, estimation and comparison.},
        author = {Wagner H. Bonat and {Ribeiro Jr}, P. J. and Walmes M. Zeviani},
        journal = {Biometric Brazilian Journal},
        volume = {30},
        number = {4},
        pages = {415--431},
        year = {2012}
}


@article{bonat:2015beta,
  title={Likelihood analysis for a class of beta mixed models},
  author={Bonat, Wagner Hugo and {Ribeiro Jr}, Paulo Justiniano and Zeviani, Walmes Marques},
  journal={Journal of Applied Statistics},
  volume={42},
  number={2},
  pages={252--266},
  year={2015}
}


@article{carey2011,
  title={Working covariance model selection for generalized estimating equations},
  author={Carey, Vincent J and Wang, You-Gan},
  journal={Statistics in Medicine},
  volume={30},
  number={26},
  pages={3117--3124},
  year={2011},
  publisher={Wiley Online Library}
}


@techreport{cario:1997,
  title={Modeling and generating random vectors with arbitrary marginal distributions and correlation matrix},
  author={Cario, Marne C and Nelson, Barry L},
  year={1997},
  institution={Citeseer}
}


@article{cepeda:2014,
  title={Bivariate beta regression models: joint modeling of the mean, dispersion and association parameters},
  author={Cepeda-Cuervo, Edilberto and Achcar, Jorge Alberto and Lopera, Liliana Garrido},
  journal={Journal of Applied Statistics},
  volume={41},
  number={3},
  pages={677--687},
  year={2014}
}


@article{cleveland1979,
  title={Robust locally weighted regression and smoothing scatterplots},
  author={Cleveland, William S},
  journal={Journal of the American statistical association},
  volume={74},
  number={368},
  pages={829--836},
  year={1979}
}


@article{cook:1977,
  title={Detection of influential observation in linear regression},
  author={Cook, R Dennis},
  journal={Technometrics},
  volume={19},
  number={1},
  pages={15--18},
  year={1977}
}


@article{copel,
author={Copel},
organization={Copel},
title={},
url={http://www.copel.com/hpcopel/root/nivel2.jsp?endereco=%2Fhpcopel%2Froot%2Fpagcopel2.nsf%2F044b34faa7cc1143032570bd0059aa29%2F7e60b7740cdc206003257412005e4734},
year={2018}
}


@book{Demidenko:2013,
	author = {Demidenko, Eugene},
	title = {Mixed Models: Theory and Applications with {R}},
	publisher = {Wiley},
        address = "New Jersey",
	year = {2013},
}


@phdthesis{diassimulaccao,
  title={Simula{\c{c}}{\~a}o estoc{\'a}stica de vari{\'a}veis aleat{\'o}rias Poisson correlacionadas: aplica{\c{c}}{\~a}o ao controle populacional do percevejo (Euschistus heros Fabricius) da soja (Glycine max L.)},
  author={Dias, Raphael Antonio Prado},
 year={2014},
  school={Universidade de S{\~a}o Paulo}

}


@book{diggle:2002,
  author = {Peter Diggle and Patrick Heagerty and Kung-Yee Liang and Scott Zeger},
  title = {Analysis of Longitudinal Data ({S}econd edition)},
  year = {2002},
  address = "United Kingdom",
  pages = {400},
  publisher = "Oxford University Press"
}


@book{draper2014applied,
  title={Applied regression analysis},
  author={Draper, Norman R and Smith, Harry},
  year={2014},
  address = "New York",
  publisher={John Wiley \& Sons}
}


@article{Ferrari2004,
  Title                    = {Beta Regression for Modelling Rates and Proportions},
  Author                   = {Silvia Ferrari and Francisco Cribari-Neto},
  Journal                  = {Journal of Applied Statistics},
  Year                     = {2004},
  Number                   = {7},
  Pages                    = {799--815},
  Volume                   = {31},
}


@article{figeroazuniga:2013,
  title={Mixed beta regression: A Bayesian perspective},
  author={Figueroa-Z{\'u}{\~n}iga, Jorge I and Arellano-Valle, Reinaldo B and Ferrari, Silvia LP},
  journal={Computational Statistics \& Data Analysis},
  volume={61},
  pages={137--147},
  year={2013}
}


@book{Fitzmaurice:2011,
  author = {Garrett M. Fitzmaurice and Nan M. Laird and James H. Ware},
  title = {Applied Longitudinal Analysis ({S}econd edition)},
  year = {2011},
  address = "New Jersey",
  pages = {740},
  publisher = "John Wiley and Sons Inc."
}


@article{ghosh2003:behavior,
  title={Behavior of the NORTA method for correlated random vector generation as the dimension increases},
  author={Ghosh, Soumyadip and Henderson, Shane G},
  journal={ACM Transactions on Modeling and Computer Simulation (TOMACS)},
  volume={13},
  number={3},
  pages={276--294},
  year={2003}
}


@article{Godambe:1978,
	author = {Godambe, V. P.  and Thompson, M.E.},
	title = {Some aspects of the theory of estimating equations},
	journal = {Journal of Statistical Planning and Inference},
	volume = {2},
	number = {1},
	pages = {95--104},
	year = {1978},
}


@article{grun2012,
  Title                    = {Extended Beta Regression in {R}: shaken, stirred, mixed, and partitioned},
  Author                   = {Bettina Gr{\"u}n and Ioannis Kosmidis and Achim Zeileis},
  Journal                  = {Journal of Statistical Software},
  Year                     = {2012},
  Month                    = {5},
  Number                   = {11},
  Pages                    = {1--25},
  Volume                   = {48},
}


@article{Grunwald1993,
  Title                    = {Time Series of Continuous Proportions},
  Author                   = {Grunwald, Gary K. and Raftery, Adrian E. and Guttorp, Peter},
  Journal                  = {Journal of the Royal Statistical Society, Series B},
  Year                     = {1993},
  Number                   = {1},
  Pages                    = {103--116},
  Volume                   = {55},
  Aurl                     = {http://www.jstor.org/stable/2346067},
  Copyright                = {Copyright © 1993 Royal Statistical Society},
  Jstor_articletype        = {research-article},
  Jstor_formatteddate      = {1993},
  Language                 = {English}
}


@article{hijazi2009,
  title={Modelling compositional data using Dirichlet regression models},
  author={Hijazi, Rafiq H and Jernigan, Robert W},
  journal={Journal of Applied Probability \& Statistics},
  volume={4},
  number={1},
  pages={77--91},
  year={2009}
}


@article{hunger2012,
  title={Longitudinal beta regression models for analyzing health-related quality of life scores over time},
  author={Hunger, Matthias and D{\"o}ring, Angela and Holle, Rolf},
  journal={BMC medical research methodology},
  volume={12},
  number={1},
  pages={144},
  year={2012}
}


@article{Jorgensen:2004,
	title = {Parameter orthogonality and bias adjustment for estimating functions},
	author = {J{\o}rgensen, B. and Knudsen, S. J.},
	journal = {Scandinavian Journal of Statistics},
	number = {1},
	volume = {31},
	pages = {93--114},
	year = {2004},
}


@article{kendler:2013,
  title={The official positions of the International Society for Clinical Densitometry: indications of use and reporting of DXA for body composition},
  author={Kendler, David L and Borges, Joao LC and Fielding, Roger A and Itabashi, Akira and Krueger, Diane and Mulligan, Kathleen and Camargos, Bruno M and Sabowitz, Brian and Wu, Chih-Hsing and Elaine, W Yu and others},
  journal={Journal of Clinical Densitometry},
  volume={16},
  number={4},
  pages={496--507},
  year={2013}
}


@article{Kieschnick2003,
  Title                    = {Regression analysis of variates observed on $(0,1)$: percentages, proportions and fractions},
  Author                   = {Kieschnick, Robert and McCullough, B D},
  Journal                  = {Statistical Modelling},
  Year                     = {2003},
  Number                   = {3},
  Pages                    = {193--213},
  Volume                   = {3},
}


@article{Lemonte:2013,
	author = {Lemonte, Artur J. and Barreto-Souza, Wagner and Cordeiro, Gauss M.},
	journal = {Braz. J. Probab. Stat.},
	number = {1},
	pages = {31--53},
	title = {The exponentiated Kumaraswamy distribution and its log-transform},
	volume = {27},
	year = {2013},
}


@article{lemonte2016new,
  title={New class of Johnson SB distributions and its associated regression model for rates and proportions},
  author={Lemonte, Artur J and Baz{\'a}n, Jorge L},
  journal={Biometrical Journal},
  volume={58},
  number={4},
  pages={727--746},
  year={2016}
}


@article{li1975:generation,
  title={Generation of pseudorandom numbers with specified univariate distributions and correlation coefficients},
  author={Li, Shing Ted and Hammond, Joseph L},
  journal={IEEE Transactions on Systems, Man, and Cybernetics},
  number={5},
  pages={557--561},
  year={1975}
}


@article{LiangZeger:1986,
	title = {Longitudinal data analysis using generalized linear models}, 
	author = {Liang, Kung-Yee and Zeger, S. L.}, 
	journal = {Biometrika},
	volume = {73}, 
	number = {1}, 
	pages = {13--22}, 
	year = {1986}, 
}


@article{liu2018,
  title={A review and comparison of Bayesian and likelihood-based inferences in beta regression and zero-or-one-inflated beta regression},
  author={Liu, Fang and Eugenio, Evercita C},
  journal={Statistical methods in medical research},
  volume={27},
  number={4},
  pages={1024--1044},
  year={2018} 
}

 
@article{Lopez:2013,
   title = {A {B}ayesian approach to parameter estimation in simplex regression model: {A} comparison with beta regression},
   journal = {{Revista Colombiana de Estad\'i\-stica}},
   author = {Freddy O. L\'opez},
   volume = {36},
   number = {6},
   pages = {1--21},
   year = {2013},
}


@article{masarotto2012gaussian,
  title={Gaussian copula marginal regression},
  author={Masarotto, Guido and Varin, Cristiano and others},
  journal={Electronic Journal of Statistics},
  volume={6},
  pages={1517--1549},
  year={2012}
}


@article{matsudo:2001,
  title={Question{\'a}rio Internacional De Atividade F{\'\i}sica (IPAQ): Estudo De Validade E Reprodutibilidade No Brasil},
  author={Matsudo, Sandra and Ara{\'u}jo, Tim{\'o}teo and Matsudo, Victor and Andrade, Douglas and Andrade, Erinaldo and Oliveira, Luis Carlos and Braggion, Glaucia},
  journal={Revista Brasileira de Atividade F{\'\i}sica \& Sa{\'u}de},
  volume={6},
  number={2},
  pages={5--18},
  year={2001}
}


@book{McCu:Neld:1989,
  author = {McCullagh, P. and Nelder, J. A.},
  title = {Generalized linear models ({S}econd edition)},
  year = {1989},
  address = "London",
  pages = {532},
  publisher = {Chapman \& Hall}
}


@article{McKenzie2007,
  Title                    = {An Autoregressive Process for Beta Random Variables},
  Author                   = {McKenzie, Ed},
  Journal                  = {Management Science},
  Year                     = {1985},
  Number                   = {8},
  Pages                    = {988--997},
  Volume                   = {31},

  Abstract                 = {Two stationary first-order autoregressive processes with Beta marginal distributions are presented. They are both linear, additive processes but the coefficients are Beta random variables. Their autocorrelation functions are investigated: one is positive and the other alternates in sign. The usefulness of the models in simulation is discussed. The Bivariate Beta distributions of two consecutive observations are considered in some detail. Several examples are given, including a Bivariate Uniform process which is also examined in detail. The relationship of these Bivariate Beta distributions to the Dirichlet distribution is discussed.},

  Aurl                     = {http://mansci.journal.informs.org/content/31/8/988.abstract},
  Doi                      = {10.1287/mnsc.31.8.988},
  Eprint                   = {http://mansci.journal.informs.org/content/31/8/988.full.pdf+html}
}


@article{Mitnik:2013,
	title = {The {K}umaraswamy distribution: median-dispersion re-parameterizations for regression modeling and simulation-based estimation},
	author = {Mitnik, Pablo A. and Baek, Sunyoung},
	journal = {Statistical Papers},
	volume = {54},
	number = {1},
	pages = {177--192},
	year = {2013},
}


@mastersthesis{Miyashiro:2008,
  author       = {Miyashiro, Eliane Shizue}, 
  title        = {Modelos de regressão beta e simplex para análise de proporções},
  school       = {Instituto de Matemática e Estatística, Universidade de São Paulo},
  year         = {2008},
  address      = {São Paulo},
}


@book{montgomery2012introduction,
  title={Introduction to linear regression analysis},
  author={Montgomery, Douglas C and Peck, Elizabeth A and Vining, G Geoffrey},
  volume={821},
  address = "New York",
  year={2012},
  publisher={John Wiley \& Sons}
}


@article{mousa2016gamma,
  title={A Gamma Regression for Bounded Continuous Variables},
  author={Mousa, Amany M and El-Sheikh, Ahmed A and Abdel-Fattah, Mahmoud A},
  journal={Advances and Applications in Statistics},
  volume={49},
  number={4},
  pages={305},
  year={2016}
}


@article{murteira:2016,
  title={Regression analysis of multivariate fractional data},
  author={Murteira, Jos{\'e} MR and Ramalho, Joaquim JS},
  journal={Econometric Reviews},
  volume={35},
  number={4},
  pages={515--552},
  year={2016}
}


@book{myersmontgomeryvining,
title = "Generalized Linear Models: With Applications in Engineering and the Sciences: Second Edition",

author = "Myers, {Raymond H.} and Montgomery, {Douglas C.} and Vining, {G. Geoffrey} and Robinson, {Timothy J.}",
year = "2010",
publisher = "John Wiley and Sons Inc.",
address = "New Jersey",

pages = {496}
}


@book{nahas:2001,
  title={Atividade f{\'\i}sica, sa{\'u}de e qualidade de vida: conceitos e sugest{\~o}es para um estilo de vida ativo},
  author={Nahas, Markus Vinicius},
  year={2001},
  address = "Londrina",
  publisher={Midiograf}
}


@article{Nelder1972,
  Title                    = {Generalized linear models},
  Author                   = {Nelder, J. A. and Wedderburn, R. W. M.},
  Journal                  = {Journal of the Royal Statistical Society, Series A},
  Year                     = {1972},
  Number                   = {3},
  Pages                    = {370--384},
  Volume                   = {135},
  Publisher                = {Wiley for the Royal Statistical Society}
}


@book{neter1996,
  title={Applied linear statistical models},
  author={Neter, John and Kutner, Michael H and Nachtsheim, Christopher J and Wasserman, William},
  volume={4},
  year={1996},
 address = "Chicago",
  publisher={Irwin}
}


@article{niaki2008generating,
  title={Generating correlation matrices for normal random vectors in NORTA algorithm using artificial neural networks},
  author={Niaki, Seyed Taghi Akhavan and Abbasi, Babak},
  journal={Journal of Uncertain Systems},
  volume={2},
  number={3},
  pages={192--201},
  year={2008}
}


@article{Paolino2001,
  Title                    = {Maximum Likelihood Estimation of Models with Beta-Distributed Dependent Variables},
  Author                   = {Paolino, Philip},
  Journal                  = {Political Analysis},
  Year                     = {2001},
  Number                   = {4},
  Pages                    = {325--346},
  Volume                   = {9},
}


@article{petak:2013,
  title={The official positions of the international society for clinical densitometry: body composition analysis reporting},
  author={Petak, Steven and Barbu, Carmen G and Elaine, W Yu and Fielding, Roger and Mulligan, Kathleen and Sabowitz, Brian and Wu, Chih-Hsing and Shepherd, John A},
  journal={Journal of Clinical Densitometry},
  volume={16},
  number={4},
  pages={508--519},
  year={2013}
}


@article{petterle:2017,
  title={Compara{\c{c}}{\~a}o e aplica{\c{c}}{\~a}o de modelos de regress{\~a}o bin{\'a}ria na reten{\c{c}}{\~a}o de capacetes de motociclistas},
  author={Petterle, Ricardo Rasmussen and de FREITAS, Cleiton Aquino and FURTADO, Ademir Marchi and de CARVALHO, F{\'a}bio Henrique and BONAT, Wagner Hugo},

  journal={Revista Brasileira de Biometria},
  volume={35},
  number={2},
  pages={266--282},
  year={2017}
}


@article{petterle:2018,
  title={An{\'a}lise da composi{\c{c}}{\~a}o corporal via modelos de regress{\~a}o beta},
  author={Petterle, Ricardo Rasmussen and Jonasson, Tha{\'\i}sa Hoffmann and Nascimento, Adriana Regina and Boguszewski, C{\'e}zar Luiz and Borba, Vict{\'o}ria Zeghbi Cochenski},
  journal={Revista Brasileira de Biometria},
  volume={36},
  number={2},
  pages={336--359},
  year={2018}
}


@article{qiu2008simplex,
  title={Simplex Mixed-Effects Models for Longitudinal Proportional Data},
  author={Qiu, Zhenguo and Song, Peter X.-K. and Tan, Ming},
  journal={Scandinavian Journal of Statistics},
  volume={35},
  number={4},
  pages={577--596},
  year={2008}
}


@Manual{R,
  Title                    = {{R}: A Language and Environment for Statistical Computing},
  Address                  = {Vienna, Austria},
  Author                   = {{R DEVELOPMENT CORE TEAM}},
  Organization             = {{R Foundation for Statistical Computing}},
  Year                     = {2018},
  Aurl                     = {http://www.R-project.org/}
}


@article{Rocha2008,
  Title                    = {Beta autoregressive moving average models},
  Author                   = {Andr\'{e}a V. Rocha and Francisco Cribari-{N}eto},
  Journal                  = {Test},
  Year                     = {2008},
  Number                   = {3},
  Pages                    = {529-545},
  Volume                   = {18}
}


@mastersthesis{santos:2013,
   author	= {Santos, Bernardo Pereira dos},
   title	= {Implementação em R de modelos de regressão binária com ligação paramétrica},
   school	= {Universidade de S{\~a}o Paulo}, 
   address	= {S{\~a}o Paulo - SP},
   notes	= {},
   number	= {},
   month	= {},
   year		= {2013}
}


@article{Simas2010,
  Title                    = {Improved estimators for a general class of beta regression models },
  Author                   = {Alexandre B. Simas and Wagner Barreto-Souza and Andréa V. Rocha},
  Journal                  = {Computational Statistics \& Data Analysis },
  Year                     = {2010},
  Number                   = {2},
  Pages                    = {348--366},
  Volume                   = {54},
}

@article{Silva2011,
  Title                    = {Dynamic {B}ayesian beta models },
  Author                   = {C.Q. da-Silva and H.S. Migon and L.T. Correia},
  Journal                  = {Computational Statistics \& Data Analysis },
  Year                     = {2011},
  Number                   = {6},
  Pages                    = {2074--2089},
  Volume                   = {55},
}


@article{silva:2007,
  title={Avalia{\c{c}}{\~a}o do n{\'\i}vel de atividade f{\'\i}sica de estudantes de gradua{\c{c}}{\~a}o das {\'a}reas sa{\'u}de/biol{\'o}gica},
  author={Silva, Glauber dos Santos Ferreira da and Bergamaschine, Rog{\'e}rio and Rosa, Marcela and Melo, Carolina and Miranda, Renato and Bara Filho, Mauricio},
  journal={Revista Brasileira de Medicina do Esporte},
  volume={13},
  number={1},
  pages={39--42},
  year={2007}
}


@article{smithson:2006,
  Title                    = {{A better lemon squeezer? Maximum-likelihood regression with beta-distributed dependent variables}},
  Author                   = {Smithson, Michael and Verkuilen, Jay},
  Journal                  = {Psychological Methods},
  Year                     = {2006},
  Number                   = {1},
  Pages                    = {54--71},
  Volume                   = {11},
}


@phdthesis{sonati:2012,
  title={Qualidade de Vida e Composi{\c{c}}{\~a}o Corporal: Caracter{\'\i}sticas do Envelhecimento Bem Sucedido. 84 p.},
  author={Sonati, JG},
  year={2012},
  school={Universidade Estadual de Campinas, Campinas}
}


@article{song2004,
  title={Modelling heterogeneous dispersion in marginal models for longitudinal proportional data},
  author={Song, Peter X-K and Qiu, Zhenguo and Tan, Ming},
  journal={Biometrical Journal},
  volume={46},
  number={5},
  pages={540--553},
  year={2004}
}


@article{song2000marginal,
  title={Marginal models for longitudinal continuous proportional data},
  author={Song, Peter Xue-Kun and Tan, Ming},
  journal={Biometrics},
  volume={56},
  number={2},
  pages={496--502},
  year={2000}
}


@article{souza2016multivariate,
  title={Multivariate Beta Regression with Application in Small Area Estimation},
  author={Souza, Debora F and Moura, Fernando AS},
  journal={Journal of Official Statistics},
  volume={32},
  number={3},
  pages={747},
  year={2016}
}


% SU, P. (Nortara package)
@manual{nortara, 
       title = {NORTARA: Generation of Multivariate Data with Arbitrary Marginals},
       author = {Su, P},
       year = {2014},
       note = {{R} package version 1.0.0},
}


@article{tan1997model,
  title={Model diagnostics for marginal regression analysis of correlated binary data},
  author={Tan, Ming and Qu, Yingsheng and H. Kutner, Michael},
  journal={Communications in Statistics-Simulation and Computation},
  volume={26},
  number={2},
  pages={539--558},
  year={1997}
}


@article{Venezuela:2007,
  title={Diagnostic techniques in generalized estimating equations},
  author={Kelly Venezuela, Maria and Aparecida Botter, Denise and Carneiro Sandoval, M{\^o}nica},
  journal={Journal of Statistical Computation and Simulation},
  volume={77},
  number={10},
  pages={879--888},
  year={2007}
}


@article{Verbeke:2014,
  title = {The analysis of multivariate longitudinal data: {A} review},
  author = {Verbeke, G. and Fieuws, S. and Molenberghs, G. and Davidian, M.}, 
  journal = {Statistical Methods in Medical Research}, 
  volume = {23}, 
  number = {1}, 
  pages = {42--59}, 
  year = {2014}, 
}


@article{verkuilen2012mixed,
  title={Mixed and mixture regression models for continuous bounded responses using the beta distribution},
  author={Verkuilen, Jay and Smithson, Michael},
  journal={Journal of Educational and Behavioral Statistics},
  volume={37},
  number={1},
  pages={82--113},
  year={2012}
}


@article{Wedderburn:1974,
	author = {Wedderburn, R. W. M.}, 
	title = {Quasi-likelihood functions, generalized linear models, and the Gauss-Newton method},
	volume = {61}, 
	number = {3}, 
	pages = {439--447}, 
	journal = {Biometrika},
	year = {1974},
}


@article{Zeger:1988,
  Author = {Zeger, Scott L. and Liang, Kung-Yee and Albert, Paul S.},
  Title = {Models for longitudinal data: A generalized estimating equation approach},
  Journal = {Biometrics},
  Volume = {44},
  Year = {1988},
  Pages = {1049--1060}
 }


@article{zhao2018partially,
  title={A partially linear additive model for clustered proportion data},
  author={Zhao, Weihua and Lian, Heng and Bandyopadhyay, Dipankar},
  journal={Statistics in medicine},
  volume={37},
  number={6},
  pages={1009--1030},
  year={2018}
}


@article{zheng2017,
  title={A generalized partially linear mean-covariance regression model for longitudinal proportional data, with applications to the analysis of quality of life data from cancer clinical trials},
  author={Zheng, Xueying and Qin, Guoyou and Tu, Dongsheng},
  journal={Statistics in medicine},
  volume={36},
  number={12},
  pages={1884--1894},
  year={2017}
}

% END -------------------------------------------------------------------------
